@BOOK{OneAuthor,
  author    = {Автор, А. А.},
  editor    = {Г. В. Редактор},
  publisher = {Город: Издательство},
  title     = {Название книги одного автора},
  year      = {2020},
  language = {russian},
  numpages     = {175}
}

@Book{TwoAuthor,
  author    = {Автор1, А. А. and Автор2, Б. Б.},
  language  = {russian},
  numpages  = {172},
  publisher = {Город: Издательство},
  title     = {Название книги двух авторов},
  year      = {2021},
  isbn      = {111-1-1111-1111-1},
}

@Book{FourAuthor,
  author    = {Автор1, А. А. and Автор2, Б. Б. and Автор3, В. В. and Автор4, Г. Г.},
  language  = {russian},
  numpages  = {620},
  publisher = {Город: Издательство},
  title     = {Название книги четырех и более авторов},
  year      = {2021},
}


@INPROCEEDINGS{InProc,

  author={Author1, A. and Author2, B. and Author3, C. and Author4, D. and Author4, E.},

  booktitle={2023 IEEE 17th International Conference on Very Big Problems (VBP)}, 

  title={Research on the Problem of Great Problems of Century}, 

  year={2023},

  volume={},

  number={},

  pages={1-4},

  doi={10.1109/AICT59525.2023.10313149}}


@ARTICLE{FourArticle,
  author = {Автор1, А. А. and Автор2, Б. Б. and Автор3, В. В. and Автор4,	Г. Г.},
  
  title = {Статья четырех авторов},
  journal = {Изв. Крутого университета},
  year = {2010},
  pages = {123--132},
  language = {russian},
  volume = {13},
  number = {1},
  comment = {ВАК}
}

@ARTICLE{Artic,
  author = {Автор, А. А.},
  title = {Очень важная статья},
  journal = {Вестн. РАН},
  year = {2012},
  pages = {123--321},
  language = {russian},
  number = {3}
}

@PHDTHESIS{PHD,
  author = {Аспирантов, А. А.},
  title = {Работа восходящей звезды российской науки},
  year = {2020},
  type = {специальность 05.13.17 ``Теоретические основы информатики'': диссертация на соискание ученой степени кандидата технических наук / Аспирантов Аспирант Аспирантович; Сибирский федеральный университет},
  address = {Красноярск},
  language = {russian},
  numpages = {162},
  owner = {-},
  timestamp = {2011.05.22}
}
